@inproceedings{Hud07,
 author = {Hudak, Paul and others},
 title = {A History of Haskell: Being Lazy with Class},
 booktitle = {Proceedings of the Third ACM SIGPLAN Conference on History of Programming Languages},
 year = {2007},
 pages = {12-1--12-55},
 url = {http://doi.acm.org/10.1145/1238844.1238856},
 publisher = {ACM},
}

@article{Sab98,
author = {Sabry, Amr},
title = {What is a purely functional language?},
journal = {Journal of Functional Programming},
volume = {8},
issue = {01},
month = {1},
year = {1998},
pages = {1--22},
numpages = {22},
URL = {http://journals.cambridge.org/article_S0956796897002943},
}

@misc{Mar10,
title = {Haskell 2010 Language Report},
year = {2010},
author = {Marlow, Simon},
URL = {https://www.haskell.org/onlinereport/haskell2010/},
}